<record><leader>00000cas a22000007a 4500</leader><controlfield tag="001">11787501</controlfield><controlfield tag="008">850309d18671880wiuwr ne      0    0eng d</controlfield><datafield ind1=" " ind2=" " tag="010"><subfield code="a">sn 85033237 </subfield></datafield><datafield ind1=" " ind2=" " tag="040"><subfield code="a">NPU</subfield><subfield code="b">eng</subfield><subfield code="c">NPU</subfield><subfield code="d">NPV</subfield><subfield code="d">MGN</subfield><subfield code="d">OCLCQ</subfield></datafield><datafield ind1=" " ind2=" " tag="042"><subfield code="a">msc</subfield></datafield><datafield ind1=" " ind2=" " tag="045"><subfield code="a">w6w8</subfield></datafield><datafield ind1=" " ind2=" " tag="052"><subfield code="a">4123</subfield><subfield code="b">R5</subfield></datafield><datafield ind1="0" ind2=" " tag="130"><subfield code="a">Richland County republican (Richland Center, Wis. : 1867)</subfield></datafield><datafield ind1="1" ind2="0" tag="245"><subfield code="a">Richland County republican.</subfield></datafield><datafield ind1=" " ind2=" " tag="260"><subfield code="a">Richland Center, Richland County, Wis. :</subfield><subfield code="b">J.H. Waggoner &amp; Smith and Laws,</subfield><subfield code="c">-1880.</subfield></datafield><datafield ind1=" " ind2=" " tag="300"><subfield code="a">v. ;</subfield><subfield code="c">59 cm.</subfield></datafield><datafield ind1=" " ind2=" " tag="310"><subfield code="a">Weekly</subfield></datafield><datafield ind1="0" ind2=" " tag="362"><subfield code="a">-v. 26, no. 5 (Dec. 30, 1880).</subfield></datafield><datafield ind1="1" ind2=" " tag="362"><subfield code="a">Began in Aug. 1867. Cf. Oehlerts, d. E. Guide to Wis. newspapers.</subfield></datafield><datafield ind1=" " ind2=" " tag="500"><subfield code="a">Publisher varies.</subfield></datafield><datafield ind1=" " ind2=" " tag="500"><subfield code="a">"A weekly local newspaper."</subfield></datafield><datafield ind1=" " ind2=" " tag="500"><subfield code="a">Editors: J.H. Waggoner &amp; W.M. Fogo, &lt;March 16&gt;-Sept. 24, 1874; Fogo &amp; Laws, Oct. 1, 1874-&lt;March 30, 1876&gt;; Fogo &amp; Munson, &lt;Dec. 21, 1876&gt;-Dec. 30, 1880.</subfield></datafield><datafield ind1=" " ind2=" " tag="530"><subfield code="a">Available on microfilm from The State Historical Society of Wisconsin.</subfield></datafield><datafield ind1=" " ind2=" " tag="580"><subfield code="a">Formed by the union of?: Richland County observer and Live republican.</subfield></datafield><datafield ind1=" " ind2=" " tag="588"><subfield code="a">Description based on: New ser., vol. 12, no. 36 (Aug. 15, 1867).</subfield></datafield><datafield ind1=" " ind2=" " tag="752"><subfield code="a">United States</subfield><subfield code="b">Wisconsin</subfield><subfield code="c">Richland</subfield><subfield code="d">Richland Center.</subfield></datafield><datafield ind1="1" ind2="4" tag="780"><subfield code="t">Richland County observer</subfield><subfield code="w">(DLC)sn 85033236</subfield></datafield><datafield ind1="1" ind2="4" tag="780"><subfield code="t">Live republican</subfield><subfield code="w">(DLC)sn 85041382</subfield></datafield><datafield ind1="0" ind2="5" tag="785"><subfield code="t">Observer (Richland Center, Wis.)</subfield><subfield code="w">(DLC)sn 85041383</subfield></datafield><datafield ind1="0" ind2="0" tag="785"><subfield code="t">Republican and observer (Richland Center, Wis. : 1881)</subfield><subfield code="w">(DLC)sn 86086426</subfield></datafield></record>